2420 3183
1012 264 1289 298 LECTURIS.
1869 248 1931 295 vii

366 371 491 409 ausim
520 371 733 408 affirmare:
766 370 954 407 nimirum
974 370 1005 407 si
1026 370 1169 408 Lexica
1190 371 1276 421 jam
1304 369 1629 408 comburerentur
1647 370 1793 415 omnia,
1815 383 1929 421 posse

366 436 481 487 hujus
515 434 699 473 Methodi
739 448 813 485 ope
847 435 888 472 in
925 435 1121 486 integrum
1154 434 1319 479 restitui,
1353 440 1393 471 et
1426 446 1531 478 eum,
1564 433 1632 484 qui
1664 446 1728 471 me
1764 434 1929 472 audierit

366 513 481 550 super
512 500 586 537 hac
624 500 796 544 materia,
836 499 947 537 facile
983 511 1192 536 evasurum
1230 499 1270 536 in
1306 497 1646 549 Lexicographum
1685 505 1924 536 accuratum.

366 564 484 605 Quod
522 577 614 601 sane
650 564 784 615 lingua
815 563 963 601 Graeca
995 562 1115 600 habet
1153 576 1223 601 sua
1254 562 1374 613 ipsius
1402 561 1541 607 indole,
1578 575 1652 600 ‘non
1689 567 1818 600 autem
1856 561 1929 600 mei

364 628 505 668 laboris
531 627 708 679 artificio,
741 634 946 678 tantopere
978 626 1043 664 illa
1071 627 1244 678 perfecta
1269 633 1339 672 est,
1373 633 1411 664 et
1444 626 1526 664 aliis
1554 626 1695 678 linguis
1724 634 1925 678 praestan-

363 692 449 729 tior.
509 690 587 728 Hic
608 691 791 728 omittere
812 703 894 727 non
913 703 1088 741 possum,
1125 691 1314 741 quasdam
1344 690 1491 728 radices
1520 691 1623 741 apud
1655 691 1826 730 Graecos
1845 706 1928 731 esse

361 753 518 796 fertiles,
550 752 642 789 alias
675 752 805 790 minus
832 751 991 797 feraces,
1025 759 1142 803 atque
1161 753 1253 791 alias
1271 766 1354 791 esse
1373 753 1573 791 sterilitate
1595 766 1663 791 sua
1682 754 1821 793 tristes.
1878 756 1925 794 In

361 817 500 868 quibus
530 815 715 853 omnibus
743 829 833 853 vere
863 816 1004 862 dicam,
1036 829 1100 854 me
1120 817 1232 855 vobis
1263 817 1351 869 plus
1374 817 1640 868 suppetiarum
1661 817 1773 864 ferre,
1806 832 1924 870 quam

360 893 408 918 ex
428 878 629 931 Magistris
649 879 783 916 auxilii
803 879 934 917 habui.
986 879 1165 917 Utamini
1195 881 1227 917 si
1245 880 1299 918 ita
1316 881 1444 919 visum
1465 879 1594 926 fuerit,
1624 887 1664 918 et
1682 881 1713 919 si
1732 884 1923 933 quaedam

358 941 603 992 pei-videatiS,
649 954 749 991 quae
797 954 861 980 me
903 941 1102 989 latuerint,
1139 943 1331 983 benevole
1368 943 1576 982 nobiscum
1618 946 1921 985 communicate.

356 1005 511 1058 Vigete,
547 1005 685 1043 valete.

421 1145 451 1177 Ε
469 1145 609 1183 M¹⁴³“‘³⁰’
638 1150 658 1181 9
676 1145 748 1176 Καὶ
767 1145 926 1178 N⁰‘'e¹¹¹b·
1302 1170 1576 1208 PHILIPPUS
1603 1151 1905 1210 cffrffln'ns.

481 1197 576 1228 Auno
593 1196 762 1228 Salutifero
782 1198 872 1229 1651.
