2420 3183
928 504 1388 556 METHODUS

787 621 1524 672 ADMIRABILIS:

985 788 1193 809 SECUNDUM
1221 789 1327 817 QUAM

486 882 612 908 INTRA
644 884 784 918 noRAE
814 884 994 910 SPATIUM
1027 885 1159 910 POSSIT
1187 884 1282 912 QUIS
1312 883 1544 908 ADDISCERE
1573 881 1827 907 MEMORITER

652 977 905 1009 INNUMERA
928 976 1173 1028 VOCABULA
1197 977 1385 1009 GRAECA
1409 976 1660 1014 DERIVATA;

1053 1084 1170 1114 moun
1198 1084 1260 1105 ITA

758 1162 814 1187 UT
833 1162 1045 1190 NUNQUAM
1068 1162 1215 1186 EORUM
1238 1161 1557 1192 OBLIVISCATUR,

603 1247 641 1271 SI
671 1247 792 1273 MODO
823 1246 992 1272 HANCCE
1023 1246 1270 1272 METHODUM
1301 1245 1485 1271 APPRIME
1517 1244 1715 1270 CALLEAT.

368 1579 699 1647 NONNULLI
726 1604 921 1656 juvarunt
954 1606 1202 1652 memoriam,
1239 1613 1279 1644 at
1312 1620 1431 1644 nemo
1465 1607 1622 1645 obviam
1655 1607 1724 1644 ivit
1754 1607 1944 1645 oblivioni

367 1690 407 1726 in
426 1689 503 1726 hoc
526 1700 669 1740 genere
696 1686 930 1724 studiorum.
981 1687 1205 1739 Utrumque
1230 1688 1593 1739 impraesentiarum
1625 1688 1798 1726 facturus
1827 1703 1940 1735 sum;

367 1771 599 1810 memoriam
628 1770 690 1807 vel
723 1769 1054 1807 infoelicissimam
1084 1771 1291 1822 adjuvabo,
1322 1777 1362 1809 et
1391 1771 1580 1809 oblivioni
1611 1772 1804 1809 medelam
1832 1774 1943 1811 adhi-

367 1855 469 1892 bebo
487 1870 494 1899 ;
524 1855 662 1891 eadem
683 1860 765 1891 arte
784 1854 862 1890 hoc
881 1853 1137 1904 praestiturus
1156 1867 1257 1898 sum,
1288 1860 1327 1891 et
1346 1853 1585 1891 BIethodum
1617 1854 1798 1899 conflavi,
1827 1868 1849 1892 a
1870 1869 1947 1906 qua

366 1934 405 1972 id
425 1947 561 1972 omnes
582 1935 741 1984 speretis
762 1934 892 1971 velim.
953 1933 1162 1971 Caeterum
1191 1947 1237 1972 ea
1265 1935 1362 1971 adeo
1392 1934 1514 1972 facilis
1545 1934 1632 1979 erit,
1664 1948 1709 1972 ac
1741 1942 1944 1986 tantopere

368 2016 509 2060 suavis,
541 2023 585 2053 ut
618 2016 767 2053 nullam
800 2016 859 2053 sui
893 2028 1079 2053 nauseam
1110 2022 1227 2052 creet.

447 2179 552 2216 Tota
579 2179 675 2216 haec
707 2178 924 2216 Methodus
954 2177 994 2215 in
1030 2178 1125 2215 duas
1155 2185 1286 2228 partes
1315 2179 1463 2216 tributa
1492 2187 1578 2216 est:

589 2279 729 2316 Prima
766 2279 982 2322 Generalis,
1028 2292 1127 2330 quae
1162 2280 1264 2316 viam
1296 2279 1435 2316 sternit
1455 2294 1467 2316 .-

589 2359 727 2397 Altera
749 2358 949 2410 specialis,
981 2373 1080 2411 qnae
1098 2358 1225 2410 firma
1243 2359 1358 2411 ponit
1383 2358 1556 2412 vestigia⁴
