<?xml version="1.0" encoding="UTF-8"?>
<!DOCTYPE html PUBLIC "-//W3C//DTD XHTML 1.0 Transitional//EN"
    "http://www.w3.org/TR/xhtml1/DTD/xhtml1-transitional.dtd">
<html xmlns="http://www.w3.org/1999/xhtml" xml:lang="en" lang="en">
 <head>
  <title>
</title>
<meta http-equiv="Content-Type" content="text/html;charset=utf-8" />
  <meta name='ocr-system' content='tesseract 3.04.00' />
  <meta name='ocr-capabilities' content='ocr_page ocr_carea ocr_par ocr_line ocrx_word'/>
</head>
<body>
  <div class='ocr_page' id='page_1' title='image "./gazophylaciumgra00cattuoft/gazophylaciumgra00cattuoft_0007.png"; bbox 0 0 2420 3183; ppageno 0'>
   <div class='ocr_carea' id='block_1_1' title="bbox 919 572 1373 622">
    <p class='ocr_par' dir='ltr' id='par_1_1' title="bbox 919 572 1373 622">
     <span class='ocr_line' id='line_1_1' title="bbox 919 572 1373 622; baseline 0.002 -1"><span class='ocrx_word' id='word_1_1' title='bbox 919 572 1373 622; x_wconf 83' lang='lat' dir='ltr'>LECTORI</span> 
     </span>
    </p>
   </div>
   <div class='ocr_carea' id='block_1_2' title="bbox 1009 735 1272 770">
    <p class='ocr_par' dir='ltr' id='par_1_2' title="bbox 1009 735 1272 770">
     <span class='ocr_line' id='line_1_2' title="bbox 1009 735 1272 770; baseline 0.015 -5"><span class='ocrx_word' id='word_1_2' title='bbox 1009 735 1272 770; x_wconf 83' lang='grc' dir='ltr'><strong>ΦΙΛΕΛΛΗΝΙ,</strong></span> 
     </span>
    </p>
   </div>
   <div class='ocr_carea' id='block_1_3' title="bbox 356 1072 1929 1337">
    <p class='ocr_par' dir='ltr' id='par_1_3' title="bbox 356 1072 1929 1337">
     <span class='ocr_line' id='line_1_3' title="bbox 363 1072 1927 1148; baseline 0.004 -20"><span class='ocrx_word' id='word_1_3' title='bbox 363 1072 459 1129; x_wconf 87' lang='lat' dir='ltr'>EN</span> <span class='ocrx_word' id='word_1_4' title='bbox 480 1090 563 1136; x_wconf 88' lang='lat' dir='ltr'>tibi,</span> <span class='ocrx_word' id='word_1_5' title='bbox 598 1090 754 1137; x_wconf 82' lang='lat' dir='ltr'>Lector,</span> <span class='ocrx_word' id='word_1_6' title='bbox 784 1092 975 1138; x_wconf 88' lang='lat' dir='ltr'>libellum,</span> <span class='ocrx_word' id='word_1_7' title='bbox 1008 1093 1142 1131; x_wconf 88' lang='lat' dir='ltr'>multis</span> <span class='ocrx_word' id='word_1_8' title='bbox 1174 1094 1214 1131; x_wconf 93' lang='lat' dir='ltr'>in</span> <span class='ocrx_word' id='word_1_9' title='bbox 1243 1093 1383 1146; x_wconf 83' lang='lat' dir='ltr'>Belgio</span> <span class='ocrx_word' id='word_1_10' title='bbox 1403 1092 1507 1131; x_wconf 89' lang='lat' dir='ltr'>Viris</span> <span class='ocrx_word' id='word_1_11' title='bbox 1527 1094 1665 1139; x_wconf 83' lang='lat' dir='ltr'>doctis,</span> <span class='ocrx_word' id='word_1_12' title='bbox 1698 1096 1927 1148; x_wconf 86' lang='lat' dir='ltr'>priusquam</span> 
     </span>
     <span class='ocr_line' id='line_1_4' title="bbox 358 1156 1927 1212; baseline 0.003 -18"><span class='ocrx_word' id='word_1_13' title='bbox 358 1169 426 1206; x_wconf 90' lang='lat' dir='ltr'>per</span> <span class='ocrx_word' id='word_1_14' title='bbox 447 1169 522 1200; x_wconf 89' lang='lat' dir='ltr'>me,</span> <span class='ocrx_word' id='word_1_15' title='bbox 545 1170 634 1194; x_wconf 84' lang='lat' dir='ltr'>casu</span> <span class='ocrx_word' id='word_1_16' title='bbox 655 1170 747 1195; x_wconf 87' lang='lat' dir='ltr'>eum</span> <span class='ocrx_word' id='word_1_17' title='bbox 767 1156 979 1208; x_wconf 88' lang='lat' dir='ltr'>aliquando</span> <span class='ocrx_word' id='word_1_18' title='bbox 1001 1164 1176 1203; x_wconf 88' lang='lat' dir='ltr'>nactum,</span> <span class='ocrx_word' id='word_1_19' title='bbox 1192 1158 1381 1203; x_wconf 86' lang='lat' dir='ltr'>innotuit,</span> <span class='ocrx_word' id='word_1_20' title='bbox 1396 1164 1439 1195; x_wconf 94' lang='lat' dir='ltr'>ut</span> <span class='ocrx_word' id='word_1_21' title='bbox 1459 1172 1539 1195; x_wconf 88' lang='lat' dir='ltr'>non</span> <span class='ocrx_word' id='word_1_22' title='bbox 1563 1160 1686 1211; x_wconf 80' lang='lat' dir='ltr'>magis</span> <span class='ocrx_word' id='word_1_23' title='bbox 1707 1162 1927 1212; x_wconf 84' lang='lat' dir='ltr'>cognitum,</span> 
     </span>
     <span class='ocr_line' id='line_1_5' title="bbox 356 1222 1929 1279; baseline 0.001 -20"><span class='ocrx_word' id='word_1_24' title='bbox 356 1230 475 1272; x_wconf 86' lang='lat' dir='ltr'>atque</span> <span class='ocrx_word' id='word_1_25' title='bbox 494 1222 533 1259; x_wconf 91' lang='lat' dir='ltr'>in</span> <span class='ocrx_word' id='word_1_26' title='bbox 551 1222 763 1260; x_wconf 84' lang='lat' dir='ltr'><strong>Germania</strong></span> <span class='ocrx_word' id='word_1_27' title='bbox 779 1222 896 1260; x_wconf 89' lang='lat' dir='ltr'>fuisse</span> <span class='ocrx_word' id='word_1_28' title='bbox 917 1222 1062 1267; x_wconf 78' lang='lat' dir='ltr'>scribit,</span> <span class='ocrx_word' id='word_1_29' title='bbox 1095 1222 1161 1273; x_wconf 90' lang='lat' dir='ltr'>qui</span> <span class='ocrx_word' id='word_1_30' title='bbox 1180 1235 1285 1260; x_wconf 84' lang='lat' dir='ltr'>anno</span> <span class='ocrx_word' id='word_1_31' title='bbox 1311 1222 1427 1273; x_wconf 86' lang='lat' dir='ltr'>hujus</span> <span class='ocrx_word' id='word_1_32' title='bbox 1458 1222 1576 1279; x_wconf 69' lang='lat' dir='ltr'>seculi</span> <span class='ocrx_word' id='word_1_33' title='bbox 1603 1229 1760 1268; x_wconf 85' lang='lat' dir='ltr'>octavo,</span> <span class='ocrx_word' id='word_1_34' title='bbox 1791 1225 1929 1262; x_wconf 88' lang='lat' dir='ltr'>eadem</span> 
     </span>
     <span class='ocr_line' id='line_1_6' title="bbox 358 1285 1929 1337; baseline 0.004 -17"><span class='ocrx_word' id='word_1_35' title='bbox 358 1298 435 1333; x_wconf 83' lang='lat' dir='ltr'>qua</span> <span class='ocrx_word' id='word_1_36' title='bbox 462 1299 567 1323; x_wconf 87' lang='lat' dir='ltr'>nunc</span> <span class='ocrx_word' id='word_1_37' title='bbox 588 1299 745 1336; x_wconf 89' lang='lat' dir='ltr'>quoque</span> <span class='ocrx_word' id='word_1_38' title='bbox 773 1285 901 1324; x_wconf 90' lang='lat' dir='ltr'>forma</span> <span class='ocrx_word' id='word_1_39' title='bbox 927 1287 1071 1337; x_wconf 83' lang='lat' dir='ltr'>prodit,</span> <span class='ocrx_word' id='word_1_40' title='bbox 1103 1287 1143 1324; x_wconf 91' lang='lat' dir='ltr'>in</span> <span class='ocrx_word' id='word_1_41' title='bbox 1162 1287 1292 1324; x_wconf 87' lang='lat' dir='ltr'>lucem</span> <span class='ocrx_word' id='word_1_42' title='bbox 1320 1286 1450 1323; x_wconf 90' lang='lat' dir='ltr'>denuo</span> <span class='ocrx_word' id='word_1_43' title='bbox 1472 1286 1711 1335; x_wconf 85' lang='lat' dir='ltr'>produxerat</span> <span class='ocrx_word' id='word_1_44' title='bbox 1732 1287 1929 1326; x_wconf 86' lang='lat' dir='ltr'>Henricus</span> 
     </span>
    </p>
   </div>
   <div class='ocr_carea' id='block_1_4' title="bbox 356 1346 1928 1463">
    <p class='ocr_par' dir='ltr' id='par_1_4' title="bbox 356 1346 1928 1463">
     <span class='ocr_line' id='line_1_7' title="bbox 356 1346 1926 1399; baseline 0.004 -15"><span class='ocrx_word' id='word_1_45' title='bbox 356 1346 528 1384; x_wconf 84' lang='lat' dir='ltr'>Jacobus</span> <span class='ocrx_word' id='word_1_46' title='bbox 561 1359 637 1383; x_wconf 80' lang='lat' dir='ltr'>van</span> <span class='ocrx_word' id='word_1_47' title='bbox 672 1349 915 1399; x_wconf 81' lang='lat' dir='ltr'>Bashuysen‚</span> <span class='ocrx_word' id='word_1_48' title='bbox 956 1349 1156 1387; x_wconf 83' lang='lat' dir='ltr'>Professor</span> <span class='ocrx_word' id='word_1_49' title='bbox 1185 1349 1465 1393; x_wconf 85' lang='lat' dir='ltr'>Hanoviensis,</span> <span class='ocrx_word' id='word_1_50' title='bbox 1500 1349 1555 1385; x_wconf 85' lang='lat' dir='ltr'>ita</span> <span class='ocrx_word' id='word_1_51' title='bbox 1591 1363 1664 1387; x_wconf 87' lang='lat' dir='ltr'>nec</span> <span class='ocrx_word' id='word_1_52' title='bbox 1704 1351 1834 1389; x_wconf 87' lang='lat' dir='ltr'>minus</span> <span class='ocrx_word' id='word_1_53' title='bbox 1874 1354 1926 1390; x_wconf 92' lang='lat' dir='ltr'>ob</span> 
     </span>
     <span class='ocr_line' id='line_1_8' title="bbox 356 1408 1928 1463; baseline 0.004 -18"><span class='ocrx_word' id='word_1_54' title='bbox 356 1408 566 1446; x_wconf 82' lang='lat' dir='ltr'>utilitatem</span> <span class='ocrx_word' id='word_1_55' title='bbox 605 1408 837 1456; x_wconf 86' lang='lat' dir='ltr'>expetitum.</span> <span class='ocrx_word' id='word_1_56' title='bbox 912 1410 1133 1446; x_wconf 85' lang='lat' dir='ltr'>Auctorem</span> <span class='ocrx_word' id='word_1_57' title='bbox 1168 1412 1341 1446; x_wconf 87' lang='lat' dir='ltr'>eundem</span> <span class='ocrx_word' id='word_1_58' title='bbox 1376 1424 1459 1446; x_wconf 85' lang='lat' dir='ltr'>esse</span> <span class='ocrx_word' id='word_1_59' title='bbox 1493 1412 1624 1455; x_wconf 86' lang='lat' dir='ltr'>credo,</span> <span class='ocrx_word' id='word_1_60' title='bbox 1665 1412 1776 1463; x_wconf 88' lang='lat' dir='ltr'>cujus</span> <span class='ocrx_word' id='word_1_61' title='bbox 1810 1421 1855 1451; x_wconf 92' lang='lat' dir='ltr'>ut</span> <span class='ocrx_word' id='word_1_62' title='bbox 1888 1415 1928 1452; x_wconf 92' lang='lat' dir='ltr'>in</span> 
     </span>
    </p>
   </div>
   <div class='ocr_carea' id='block_1_5' title="bbox 349 1469 1930 2477">
    <p class='ocr_par' dir='ltr' id='par_1_5' title="bbox 349 1469 1930 2477">
     <span class='ocr_line' id='line_1_9' title="bbox 357 1469 1929 1527; baseline 0.004 -18"><span class='ocrx_word' id='word_1_63' title='bbox 357 1471 518 1510; x_wconf 86' lang='lat' dir='ltr'>Graecis</span> <span class='ocrx_word' id='word_1_64' title='bbox 548 1483 629 1507; x_wconf 91' lang='lat' dir='ltr'>non</span> <span class='ocrx_word' id='word_1_65' title='bbox 660 1469 845 1507; x_wconf 78' lang='lat' dir='ltr'>ineruditi</span> <span class='ocrx_word' id='word_1_66' title='bbox 879 1470 1062 1507; x_wconf 89' lang='lat' dir='ltr'>meminit</span> <span class='ocrx_word' id='word_1_67' title='bbox 1090 1470 1275 1508; x_wconf 85' lang='lat' dir='ltr'>Claudius</span> <span class='ocrx_word' id='word_1_68' title='bbox 1304 1470 1502 1507; x_wconf 79' lang='lat' dir='ltr'>Sarravius</span> <span class='ocrx_word' id='word_1_69' title='bbox 1523 1472 1647 1521; x_wconf 84' lang='lat' dir='ltr'>Epist.</span> <span class='ocrx_word' id='word_1_70' title='bbox 1673 1488 1779 1512; x_wconf 78' lang='lat' dir='ltr'>exel.</span> <span class='ocrx_word' id='word_1_71' title='bbox 1809 1484 1929 1527; x_wconf 87' lang='lat' dir='ltr'>atque</span> 
     </span>
     <span class='ocr_line' id='line_1_10' title="bbox 354 1532 1930 1587; baseline 0.004 -14"><span class='ocrx_word' id='word_1_72' title='bbox 354 1549 490 1587; x_wconf 87' lang='lat' dir='ltr'>parva,</span> <span class='ocrx_word' id='word_1_73' title='bbox 522 1548 595 1572; x_wconf 91' lang='lat' dir='ltr'>nec</span> <span class='ocrx_word' id='word_1_74' title='bbox 623 1534 806 1572; x_wconf 87' lang='lat' dir='ltr'>inusitata</span> <span class='ocrx_word' id='word_1_75' title='bbox 826 1534 948 1572; x_wconf 84' lang='lat' dir='ltr'>Gallis</span> <span class='ocrx_word' id='word_1_76' title='bbox 976 1535 1017 1572; x_wconf 91' lang='lat' dir='ltr'>in</span> <span class='ocrx_word' id='word_1_77' title='bbox 1044 1534 1265 1572; x_wconf 84' lang='lat' dir='ltr'>istiusmodi</span> <span class='ocrx_word' id='word_1_78' title='bbox 1293 1532 1466 1585; x_wconf 77' lang='lat' dir='ltr'>Propriis</span> <span class='ocrx_word' id='word_1_79' title='bbox 1488 1532 1631 1574; x_wconf 88' lang='lat' dir='ltr'>Latina</span> <span class='ocrx_word' id='word_1_80' title='bbox 1653 1539 1930 1580; x_wconf 82' lang='lat' dir='ltr'>terminatione</span> 
     </span>
     <span class='ocr_line' id='line_1_11' title="bbox 355 1597 1927 1650; baseline 0.004 -13"><span class='ocrx_word' id='word_1_81' title='bbox 355 1598 576 1642; x_wconf 87' lang='lat' dir='ltr'>efferendis,</span> <span class='ocrx_word' id='word_1_82' title='bbox 610 1598 809 1636; x_wconf 84' lang='lat' dir='ltr'>literarum</span> <span class='ocrx_word' id='word_1_83' title='bbox 842 1598 881 1635; x_wconf 91' lang='lat' dir='ltr'>in</span> <span class='ocrx_word' id='word_1_84' title='bbox 914 1599 993 1636; x_wconf 87' lang='lat' dir='ltr'>fine</span> <span class='ocrx_word' id='word_1_85' title='bbox 1022 1599 1192 1636; x_wconf 87' lang='lat' dir='ltr'>nominis</span> <span class='ocrx_word' id='word_1_86' title='bbox 1219 1597 1322 1636; x_wconf 82' lang='lat' dir='ltr'>facta</span> <span class='ocrx_word' id='word_1_87' title='bbox 1355 1600 1674 1650; x_wconf 74' lang='lat' dir='ltr'>transpositione,</span> <span class='ocrx_word' id='word_1_88' title='bbox 1708 1602 1927 1644; x_wconf 86' lang='lat' dir='ltr'>Catterium</span> 
     </span>
     <span class='ocr_line' id='line_1_12' title="bbox 354 1661 1928 1708; baseline 0.004 -6"><span class='ocrx_word' id='word_1_89' title='bbox 354 1670 483 1702; x_wconf 86' lang='lat' dir='ltr'>vocat.</span> <span class='ocrx_word' id='word_1_90' title='bbox 543 1661 728 1700; x_wconf 88' lang='lat' dir='ltr'>Ediderat</span> <span class='ocrx_word' id='word_1_91' title='bbox 746 1663 778 1700; x_wconf 84' lang='lat' dir='ltr'>is</span> <span class='ocrx_word' id='word_1_92' title='bbox 796 1663 899 1700; x_wconf 88' lang='lat' dir='ltr'>hanc</span> <span class='ocrx_word' id='word_1_93' title='bbox 920 1676 1030 1701; x_wconf 82' lang='lat' dir='ltr'>suam</span> <span class='ocrx_word' id='word_1_94' title='bbox 1051 1662 1291 1701; x_wconf 82' lang='lat' dir='ltr'>Methodum</span> <span class='ocrx_word' id='word_1_95' title='bbox 1312 1662 1464 1700; x_wconf 83' lang='lat' dir='ltr'>Parisiis</span> <span class='ocrx_word' id='word_1_96' title='bbox 1483 1677 1589 1701; x_wconf 83' lang='lat' dir='ltr'>anno</span> <span class='ocrx_word' id='word_1_97' title='bbox 1607 1678 1777 1705; x_wconf 77' lang='lat' dir='ltr'><strong>CIOIOLI.</strong></span> <span class='ocrx_word' id='word_1_98' title='bbox 1802 1667 1928 1708; x_wconf 78' lang='lat' dir='ltr'>forma</span> 
     </span>
     <span class='ocr_line' id='line_1_13' title="bbox 356 1727 1927 1781; baseline 0.003 -14"><span class='ocrx_word' id='word_1_99' title='bbox 356 1727 518 1772; x_wconf 81' lang='lat' dir='ltr'>Quarta,</span> <span class='ocrx_word' id='word_1_100' title='bbox 540 1727 654 1764; x_wconf 86' lang='lat' dir='ltr'>titulo</span> <span class='ocrx_word' id='word_1_101' title='bbox 675 1727 710 1764; x_wconf 90' lang='lat' dir='ltr'>ei</span> <span class='ocrx_word' id='word_1_102' title='bbox 730 1727 915 1778; x_wconf 84' lang='lat' dir='ltr'>praefixo,</span> <span class='ocrx_word' id='word_1_103' title='bbox 939 1727 1010 1764; x_wconf 89' lang='lat' dir='ltr'>etsi</span> <span class='ocrx_word' id='word_1_104' title='bbox 1030 1741 1110 1764; x_wconf 88' lang='lat' dir='ltr'>non</span> <span class='ocrx_word' id='word_1_105' title='bbox 1135 1727 1327 1771; x_wconf 78' lang='lat' dir='ltr'>mendaci,</span> <span class='ocrx_word' id='word_1_106' title='bbox 1351 1727 1518 1765; x_wconf 89' lang='lat' dir='ltr'>nimium</span> <span class='ocrx_word' id='word_1_107' title='bbox 1539 1735 1671 1767; x_wconf 83' lang='lat' dir='ltr'>tamen</span> <span class='ocrx_word' id='word_1_108' title='bbox 1692 1732 1868 1781; x_wconf 83' lang='lat' dir='ltr'>specioso</span> <span class='ocrx_word' id='word_1_109' title='bbox 1888 1741 1927 1772; x_wconf 92' lang='lat' dir='ltr'>et</span> 
     </span>
     <span class='ocr_line' id='line_1_14' title="bbox 355 1791 1924 1847; baseline 0.003 -17"><span class='ocrx_word' id='word_1_110' title='bbox 355 1792 565 1844; x_wconf 79' lang='lat' dir='ltr'>magnifico</span> <span class='ocrx_word' id='word_1_111' title='bbox 585 1807 592 1835; x_wconf 93' lang='lat'>;</span> <span class='ocrx_word' id='word_1_112' title='bbox 626 1791 797 1829; x_wconf 74' lang='lat' dir='ltr'>clausula</span> <span class='ocrx_word' id='word_1_113' title='bbox 815 1805 972 1842; x_wconf 87' lang='lat' dir='ltr'>quoque</span> <span class='ocrx_word' id='word_1_114' title='bbox 992 1791 1174 1842; x_wconf 86' lang='lat' dir='ltr'>imposita</span> <span class='ocrx_word' id='word_1_115' title='bbox 1192 1792 1400 1843; x_wconf 84' lang='lat' dir='ltr'>ejusmodi,</span> <span class='ocrx_word' id='word_1_116' title='bbox 1431 1805 1530 1843; x_wconf 84' lang='lat' dir='ltr'>quae</span> <span class='ocrx_word' id='word_1_117' title='bbox 1551 1793 1810 1833; x_wconf 85' lang='lat' dir='ltr'>immodicum</span> <span class='ocrx_word' id='word_1_118' title='bbox 1833 1810 1924 1847; x_wconf 87' lang='lat' dir='ltr'>pro-</span> 
     </span>
     <span class='ocr_line' id='line_1_15' title="bbox 353 1855 1926 1911; baseline 0.003 -16"><span class='ocrx_word' id='word_1_119' title='bbox 353 1858 420 1895; x_wconf 88' lang='lat' dir='ltr'>dat</span> <span class='ocrx_word' id='word_1_120' title='bbox 449 1856 595 1907; x_wconf 89' lang='lat' dir='ltr'>proprii</span> <span class='ocrx_word' id='word_1_121' title='bbox 625 1856 771 1894; x_wconf 81' lang='lat' dir='ltr'>inventi</span> <span class='ocrx_word' id='word_1_122' title='bbox 806 1857 1097 1894; x_wconf 78' lang='lat' dir='ltr'>admiratorem.</span> <span class='ocrx_word' id='word_1_123' title='bbox 1157 1855 1307 1894; x_wconf 88' lang='lat' dir='ltr'>Verum</span> <span class='ocrx_word' id='word_1_124' title='bbox 1343 1857 1401 1894; x_wconf 81' lang='lat' dir='ltr'>his</span> <span class='ocrx_word' id='word_1_125' title='bbox 1436 1856 1532 1905; x_wconf 84' lang='lat' dir='ltr'>nihil</span> <span class='ocrx_word' id='word_1_126' title='bbox 1562 1858 1609 1894; x_wconf 90' lang='lat' dir='ltr'>de</span> <span class='ocrx_word' id='word_1_127' title='bbox 1647 1858 1764 1897; x_wconf 80' lang='lat' dir='ltr'>libelli</span> <span class='ocrx_word' id='word_1_128' title='bbox 1800 1863 1926 1911; x_wconf 84' lang='lat' dir='ltr'>pretio</span> 
     </span>
     <span class='ocr_line' id='line_1_16' title="bbox 354 1922 1925 1976; baseline 0.001 -15"><span class='ocrx_word' id='word_1_129' title='bbox 354 1923 526 1963; x_wconf 79' lang='lat' dir='ltr'>decedit:</span> <span class='ocrx_word' id='word_1_130' title='bbox 559 1922 669 1973; x_wconf 83' lang='lat' dir='ltr'>cujus</span> <span class='ocrx_word' id='word_1_131' title='bbox 690 1935 825 1960; x_wconf 83' lang='lat' dir='ltr'>revera</span> <span class='ocrx_word' id='word_1_132' title='bbox 843 1923 945 1959; x_wconf 82' lang='lat' dir='ltr'>hanc</span> <span class='ocrx_word' id='word_1_133' title='bbox 966 1935 1048 1959; x_wconf 85' lang='lat' dir='ltr'>esse</span> <span class='ocrx_word' id='word_1_134' title='bbox 1068 1922 1216 1966; x_wconf 83' lang='lat' dir='ltr'>dotem,</span> <span class='ocrx_word' id='word_1_135' title='bbox 1238 1928 1281 1958; x_wconf 88' lang='lat' dir='ltr'>ut</span> <span class='ocrx_word' id='word_1_136' title='bbox 1300 1922 1405 1959; x_wconf 81' lang='lat' dir='ltr'>viam</span> <span class='ocrx_word' id='word_1_137' title='bbox 1429 1928 1634 1966; x_wconf 87' lang='lat' dir='ltr'>monstret,</span> <span class='ocrx_word' id='word_1_138' title='bbox 1667 1936 1743 1973; x_wconf 81' lang='lat' dir='ltr'>qua</span> <span class='ocrx_word' id='word_1_139' title='bbox 1762 1924 1925 1976; x_wconf 81' lang='lat' dir='ltr'>insignis</span> 
     </span>
     <span class='ocr_line' id='line_1_17' title="bbox 352 1986 1925 2039; baseline 0.001 -14"><span class='ocrx_word' id='word_1_140' title='bbox 352 1988 461 2026; x_wconf 88' lang='lat' dir='ltr'>brevi</span> <span class='ocrx_word' id='word_1_141' title='bbox 479 1988 689 2025; x_wconf 86' lang='lat' dir='ltr'>verborum</span> <span class='ocrx_word' id='word_1_142' title='bbox 706 1988 831 2037; x_wconf 80' lang='lat' dir='ltr'>copia,</span> <span class='ocrx_word' id='word_1_143' title='bbox 862 1987 927 2024; x_wconf 79' lang='lat' dir='ltr'>vix</span> <span class='ocrx_word' id='word_1_144' title='bbox 948 1986 1166 2024; x_wconf 83' lang='lat' dir='ltr'>voluntaria</span> <span class='ocrx_word' id='word_1_145' title='bbox 1194 1986 1396 2023; x_wconf 82' lang='lat' dir='ltr'>oblivione</span> <span class='ocrx_word' id='word_1_146' title='bbox 1425 1987 1677 2030; x_wconf 83' lang='lat' dir='ltr'>conterenda,</span> <span class='ocrx_word' id='word_1_147' title='bbox 1707 1991 1925 2039; x_wconf 81' lang='lat' dir='ltr'>comparari</span> 
     </span>
     <span class='ocr_line' id='line_1_18' title="bbox 351 2050 1923 2101; baseline 0.003 -14"><span class='ocrx_word' id='word_1_148' title='bbox 351 2051 487 2101; x_wconf 82' lang='lat' dir='ltr'>possit,</span> <span class='ocrx_word' id='word_1_149' title='bbox 510 2050 661 2101; x_wconf 86' lang='lat' dir='ltr'>experti</span> <span class='ocrx_word' id='word_1_150' title='bbox 679 2050 896 2101; x_wconf 87' lang='lat' dir='ltr'>loquuntur</span> <span class='ocrx_word' id='word_1_151' title='bbox 924 2063 1003 2087; x_wconf 84' lang='lat' dir='ltr'>non</span> <span class='ocrx_word' id='word_1_152' title='bbox 1031 2057 1187 2088; x_wconf 83' lang='lat' dir='ltr'>nostrae</span> <span class='ocrx_word' id='word_1_153' title='bbox 1212 2056 1367 2087; x_wconf 86' lang='lat' dir='ltr'>tantum</span> <span class='ocrx_word' id='word_1_154' title='bbox 1398 2050 1626 2101; x_wconf 81' lang='lat' dir='ltr'>(liSciplinae</span> <span class='ocrx_word' id='word_1_155' title='bbox 1658 2051 1821 2098; x_wconf 82' lang='lat' dir='ltr'>alumni,</span> <span class='ocrx_word' id='word_1_156' title='bbox 1857 2055 1923 2091; x_wconf 88' lang='lat' dir='ltr'>sed</span> 
     </span>
     <span class='ocr_line' id='line_1_19' title="bbox 351 2114 1920 2167; baseline 0.003 -17"><span class='ocrx_word' id='word_1_157' title='bbox 351 2121 547 2165; x_wconf 87' lang='lat' dir='ltr'>quotquot</span> <span class='ocrx_word' id='word_1_158' title='bbox 578 2114 698 2151; x_wconf 86' lang='lat' dir='ltr'>etiam</span> <span class='ocrx_word' id='word_1_159' title='bbox 731 2114 808 2158; x_wconf 82' lang='lat' dir='ltr'>alii,</span> <span class='ocrx_word' id='word_1_160' title='bbox 844 2115 1116 2166; x_wconf 79' lang='lat' dir='ltr'>apographum</span> <span class='ocrx_word' id='word_1_161' title='bbox 1147 2128 1169 2152; x_wconf 90' lang='lat' dir='ltr'>a</span> <span class='ocrx_word' id='word_1_162' title='bbox 1199 2115 1312 2152; x_wconf 81' lang='lat' dir='ltr'>nobis</span> <span class='ocrx_word' id='word_1_163' title='bbox 1341 2116 1488 2167; x_wconf 85' lang='lat' dir='ltr'>adepti,</span> <span class='ocrx_word' id='word_1_164' title='bbox 1523 2129 1570 2151; x_wconf 87' lang='lat' dir='ltr'>eo</span> <span class='ocrx_word' id='word_1_165' title='bbox 1605 2122 1696 2152; x_wconf 82' lang='lat' dir='ltr'>sunt</span> <span class='ocrx_word' id='word_1_166' title='bbox 1726 2117 1797 2153; x_wconf 76' lang='lat' dir='ltr'>usi.</span> <span class='ocrx_word' id='word_1_167' title='bbox 1857 2119 1920 2156; x_wconf 91' lang='lat' dir='ltr'>Ad</span> 
     </span>
     <span class='ocr_line' id='line_1_20' title="bbox 349 2178 1921 2232; baseline 0 -15"><span class='ocrx_word' id='word_1_168' title='bbox 349 2180 506 2217; x_wconf 88' lang='lat' dir='ltr'>titulum</span> <span class='ocrx_word' id='word_1_169' title='bbox 527 2180 632 2229; x_wconf 88' lang='lat' dir='ltr'>quod</span> <span class='ocrx_word' id='word_1_170' title='bbox 652 2179 807 2223; x_wconf 81' lang='lat' dir='ltr'>attinet,</span> <span class='ocrx_word' id='word_1_171' title='bbox 831 2179 937 2216; x_wconf 85' lang='lat' dir='ltr'>hune</span> <span class='ocrx_word' id='word_1_172' title='bbox 957 2179 994 2215; x_wconf 90' lang='lat' dir='ltr'>in</span> <span class='ocrx_word' id='word_1_173' title='bbox 1016 2179 1145 2216; x_wconf 82' lang='lat' dir='ltr'>fronte</span> <span class='ocrx_word' id='word_1_174' title='bbox 1170 2179 1257 2216; x_wconf 86' lang='lat' dir='ltr'>libri</span> <span class='ocrx_word' id='word_1_175' title='bbox 1280 2179 1483 2230; x_wconf 80' lang='lat' dir='ltr'>paululum</span> <span class='ocrx_word' id='word_1_176' title='bbox 1511 2178 1744 2222; x_wconf 85' lang='lat' dir='ltr'>immutavi;</span> <span class='ocrx_word' id='word_1_177' title='bbox 1778 2179 1817 2216; x_wconf 89' lang='lat' dir='ltr'>in</span> <span class='ocrx_word' id='word_1_178' title='bbox 1837 2180 1921 2232; x_wconf 89' lang='lat' dir='ltr'>ipso</span> 
     </span>
     <span class='ocr_line' id='line_1_21' title="bbox 351 2237 1920 2290; baseline 0.003 -13"><span class='ocrx_word' id='word_1_179' title='bbox 351 2254 467 2290; x_wconf 86' lang='lat' dir='ltr'>opere</span> <span class='ocrx_word' id='word_1_180' title='bbox 485 2241 581 2277; x_wconf 88' lang='grc'><strong>1111111</strong></span> <span class='ocrx_word' id='word_1_181' title='bbox 597 2241 700 2277; x_wconf 87' lang='lat' dir='ltr'>aliud</span> <span class='ocrx_word' id='word_1_182' title='bbox 718 2242 943 2278; x_wconf 81' lang='lat' dir='ltr'>novandum</span> <span class='ocrx_word' id='word_1_183' title='bbox 963 2241 1057 2277; x_wconf 85' lang='lat' dir='ltr'>mihi</span> <span class='ocrx_word' id='word_1_184' title='bbox 1073 2241 1205 2284; x_wconf 75' lang='grc'><strong>51111151,</strong></span> <span class='ocrx_word' id='word_1_185' title='bbox 1224 2241 1299 2277; x_wconf 84' lang='lat' dir='ltr'>nisi</span> <span class='ocrx_word' id='word_1_186' title='bbox 1316 2241 1421 2289; x_wconf 84' lang='lat' dir='ltr'>quod</span> <span class='ocrx_word' id='word_1_187' title='bbox 1438 2239 1619 2276; x_wconf 77' lang='lat' dir='ltr'>sectione</span> <span class='ocrx_word' id='word_1_188' title='bbox 1639 2237 1688 2275; x_wconf 86' lang='lat' dir='ltr'>X.</span> <span class='ocrx_word' id='word_1_189' title='bbox 1711 2240 1920 2281; x_wconf 86' lang='lat' dir='ltr'>confusum</span> 
     </span>
     <span class='ocr_line' id='line_1_22' title="bbox 351 2300 1919 2352; baseline 0.002 -13"><span class='ocrx_word' id='word_1_190' title='bbox 351 2302 703 2352; x_wconf 83' lang='lat' dir='ltr'>perturbatumque</span> <span class='ocrx_word' id='word_1_191' title='bbox 736 2302 1075 2351; x_wconf 86' lang='lat' dir='ltr'>Praepositionum</span> <span class='ocrx_word' id='word_1_192' title='bbox 1111 2301 1289 2338; x_wconf 90' lang='lat' dir='ltr'>ordinem</span> <span class='ocrx_word' id='word_1_193' title='bbox 1323 2301 1371 2337; x_wconf 81' lang='lat' dir='ltr'>ad</span> <span class='ocrx_word' id='word_1_194' title='bbox 1404 2300 1603 2338; x_wconf 77' lang='lat' dir='ltr'>literarum</span> <span class='ocrx_word' id='word_1_195' title='bbox 1633 2301 1771 2339; x_wconf 87' lang='lat' dir='ltr'>seriem</span> <span class='ocrx_word' id='word_1_196' title='bbox 1807 2303 1919 2342; x_wconf 88' lang='lat' dir='ltr'>insti-</span> 
     </span>
     <span class='ocr_line' id='line_1_23' title="bbox 350 2362 1917 2414; baseline 0.001 -11"><span class='ocrx_word' id='word_1_197' title='bbox 350 2366 505 2408; x_wconf 84' lang='lat' dir='ltr'>tuerim,</span> <span class='ocrx_word' id='word_1_198' title='bbox 533 2371 572 2401; x_wconf 86' lang='lat' dir='ltr'>et</span> <span class='ocrx_word' id='word_1_199' title='bbox 597 2364 751 2414; x_wconf 88' lang='lat' dir='ltr'>quoties</span> <span class='ocrx_word' id='word_1_200' title='bbox 771 2377 917 2400; x_wconf 85' lang='lat' dir='ltr'>nomen</span> <span class='ocrx_word' id='word_1_201' title='bbox 935 2364 1146 2413; x_wconf 85' lang='lat' dir='ltr'>quodpiam</span> <span class='ocrx_word' id='word_1_202' title='bbox 1165 2362 1451 2400; x_wconf 87' lang='lat' dir='ltr'>Declinationis</span> <span class='ocrx_word' id='word_1_203' title='bbox 1467 2362 1663 2400; x_wconf 80' lang='lat' dir='ltr'>ferebatur</span> <span class='ocrx_word' id='word_1_204' title='bbox 1677 2363 1834 2403; x_wconf 83' lang='lat' dir='ltr'>Tertiae</span> <span class='ocrx_word' id='word_1_205' title='bbox 1850 2375 1917 2405; x_wconf 85' lang='lat' dir='ltr'>aut</span> 
     </span>
     <span class='ocr_line' id='line_1_24' title="bbox 350 2425 1914 2477; baseline 0.002 -11"><span class='ocrx_word' id='word_1_206' title='bbox 350 2431 535 2472; x_wconf 72' lang='lat' dir='ltr'>Quintae,</span> <span class='ocrx_word' id='word_1_207' title='bbox 558 2440 627 2477; x_wconf 89' lang='lat' dir='ltr'>pro</span> <span class='ocrx_word' id='word_1_208' title='bbox 650 2427 849 2464; x_wconf 80' lang='lat' dir='ltr'>Secundae</span> <span class='ocrx_word' id='word_1_209' title='bbox 870 2432 908 2463; x_wconf 87' lang='lat' dir='ltr'>et</span> <span class='ocrx_word' id='word_1_210' title='bbox 926 2426 1096 2471; x_wconf 83' lang='lat' dir='ltr'>Tertiae,</span> <span class='ocrx_word' id='word_1_211' title='bbox 1129 2433 1330 2477; x_wconf 85' lang='lat' dir='ltr'>receptum</span> <span class='ocrx_word' id='word_1_212' title='bbox 1355 2426 1461 2464; x_wconf 88' lang='lat' dir='ltr'>hunc</span> <span class='ocrx_word' id='word_1_213' title='bbox 1492 2425 1607 2463; x_wconf 84' lang='lat' dir='ltr'>hodie</span> <span class='ocrx_word' id='word_1_214' title='bbox 1635 2427 1738 2476; x_wconf 84' lang='lat' dir='ltr'>apud</span> <span class='ocrx_word' id='word_1_215' title='bbox 1772 2428 1914 2468; x_wconf 60' lang='lat' dir='ltr'>Grani-2</span> 
     </span>
    </p>
   </div>
  </div>
 </body>
</html>
