2420 3183
1118 635 1646 686 LECTURIS.

607 875 841 930 FORMAS
885 892 1101 929 dictionum
1141 891 1379 930 Graecarum
1416 889 1456 926 in
1494 886 1769 927 Grammaticis
1808 892 1922 925 antea
1960 885 2155 931 confusas,

598 967 665 997 aut
697 957 737 994 in
762 957 912 995 Lexicis
949 957 1091 1007 passim
1130 955 1302 1000 diffiisas,
1336 954 1377 992 in
1413 967 1531 992 mmm
1564 963 1700 1004 corpus
1736 951 1927 1006 colligere,
1967 958 2082 1005 atque
2118 952 2155 990 ἰη

598 1029 722 1061 artem
754 1020 930 1072 redigere
963 1028 1126 1058 conatus
1161 1034 1265 1064 sum;
1298 1026 1343 1056 ut
1370 1019 1601 1056 admiranda
1633 1018 1698 1056 iila
1730 1017 1946 1055 formarum
1978 1017 2156 1054 doctrina

599 1099 678 1124 non
716 1085 882 1135 amplius
917 1097 1013 1135 vaga
1052 1083 1358 1128 circumferatur,
1400 1083 1467 1120 sed
1501 1082 1615 1120 certis
1654 1081 1934 1132 comprehensa
1966 1079 2157 1117 limitibus

598 1157 730 1188 mente
764 1157 880 1199 atque
911 1148 1147 1200 cogitatione
1178 1148 1292 1186 facile
1322 1148 1408 1198 capi
1438 1147 1573 1197 possit,
1608 1154 1647 1184 et
1675 1145 1877 1184 indivulsis
1901 1144 2156 1195 conceptibus

595 1214 754 1265 percipi.
812 1211 943 1249 Faciet
970 1211 1072 1249 istud
1089 1212 1139 1249 ad
1157 1212 1234 1249 hoc
1254 1225 1371 1263 quam
1398 1211 1579 1254 maxime,
1610 1216 1654 1247 ut
1680 1223 1764 1247 cum
1793 1208 2022 1247 certitudine
2042 1206 2156 1246 verba

582 1275 794 1326 faciamus.
852 1274 957 1312 Nam
985 1275 1039 1312 sic
1058 1275 1161 1325 apud
1195 1288 1266 1312 nos
1299 1274 1439 1311 dicturi
1458 1286 1612 1310 sumus:
1658 1273 1710 1310 ita
1732 1285 1771 1309 se
1800 1272 1947 1309 habent
1977 1272 2153 1308 omnium

595 1340 809 1377 dictionum
840 1337 1002 1381 formae,
1034 1351 1107 1375 ncc
1131 1338 1206 1375 alio
1235 1338 1356 1375 modo
1388 1335 1584 1373 efformari
1616 1344 1803 1386 possunt;
1844 1336 1905 1372 vel
1944 1336 2047 1372 istud
2084 1349 2154 1371 vo-

594 1402 789 1445 cabulum,
835 1401 939 1450 quod
982 1401 1163 1445 occurrit,
1205 1413 1285 1437 non
1322 1405 1381 1435 est
1418 1399 1465 1436 de
1502 1398 1647 1435 familia
1677 1399 1908 1441 formarum,
1947 1404 2066 1447 atque
2103 1400 2155 1438 ita

594 1465 722 1503 nullus
758 1464 922 1500 omnino
962 1468 1136 1511 superest
1169 1460 1406 1498 dubitationi
1452 1460 1573 1503 locus,
1622 1466 1690 1496 aut
1740 1460 1863 1496 animi
1909 1460 2155 1501 fluctuationi

592 1526 671 1564 ulla
702 1525 866 1562 occasio.
925 1522 1034 1573 Opus
1066 1523 1142 1559 hoc
1179 1521 1285 1571 quod
1323 1520 1474 1570 suscepi
1512 1520 1685 1558 medium
1720 1528 1778 1557 est
1811 1521 1912 1557 inter
1945 1522 2154 1563 Gramma-

593 1591 710 1628 ticam
743 1595 782 1625 et
814 1587 1001 1631 LeX'icon,
1031 1599 1079 1623 ex
1106 1592 1273 1635 utroque
1302 1585 1569 1634 desumptum,
1600 1583 1756 1634 utrique
1778 1597 1917 1623 manus
1947 1587 2155 1638 adjutrices

593 1653 767 1704 porrigit.
825 1651 982 1689 Novam
1020 1658 1150 1688 autem
1191 1649 1232 1686 in
1266 1661 1313 1686 eo
1351 1662 1433 1686 non
1470 1648 1641 1700 quaesivi
1675 1650 1791 1694 viam,
1834 1651 1902 1688 sed
1940 1652 1979 1689 in
2018 1653 2155 1692 itinere

592 1716 850 1767 plurimorum
881 1715 1044 1766 pedibus
1071 1714 1175 1758 trito,
1206 1726 1307 1750 nova
1326 1713 1489 1764 vestigia
1509 1713 1636 1751 defixi.
1697 1713 1880 1752 Imitatus
1910 1729 1996 1754 sum
2022 1718 2153 1755 Philo-

593 1779 844 1830 sophantium
887 1779 998 1822 filios,
1041 1778 1107 1828 qui
1144 1777 1330 1828 Logicam
1369 1777 1585 1827 antiquitus
1615 1777 1819 1815 confusam
1851 1779 1890 1816 in
1922 1780 2014 1830 ipsis
2048 1781 2152 1833 Phy-

593 1846 760 1883 sicorum
792 1857 858 1882 aut
885 1844 1098 1882 Moralium
1128 1844 1302 1881 diatribis
1322 1844 1411 1881 inde
1430 1850 1695 1887 extraxerunt,
1727 1849 1766 1880 et
1795 1844 1833 1880 in
1863 1857 1988 1882 unum
2015 1859 2154 1896 corpus

593 1914 818 1960 coegerunt,
853 1921 900 1945 ex
934 1921 1012 1957 quo
1041 1920 1100 1944 ars
1136 1906 1282 1958 Logica
1318 1906 1484 1944 conflata
1515 1912 1585 1942 est.
1644 1905 1730 1942 Nec
1761 1919 1841 1943 non
1869 1906 2153 1959 Chirurgorum

593 1973 822 2010 industriam
855 1971 1070 2009 aemulatus
1102 1984 1203 2015 sum,
1243 1971 1309 2021 qui
1342 1984 1389 2008 ex
1426 1969 1538 2006 variis
1572 1968 1722 2006 ossibus
1753 1970 1846 2007 hinc
1885 1971 1975 2008 inde
2013 1973 2152 2022 sparsis

591 2038 746 2077 σκελετέν
783 2055 850 2091 per
882 2047 991 2091 aptas
1028 2040 1304 2077 commissuras
1335 2045 1596 2089 componunt,
1646 2039 1751 2075 unde
1787 2052 1889 2076 nova
1928 2053 2149 2093 compages.

592 2105 652 2143 Ita
697 2105 873 2156 profecto
909 2105 1131 2154 ubicunque
1169 2105 1346 2141 locorum
1385 2104 1569 2141 extabant
1608 2103 1828 2140 dictionum
1874 2103 2036 2149 formae,
2086 2107 2152 2143 sed

592 2168 828 2211 dissociatae,
863 2175 902 2204 et
935 2166 1144 2204 Canonum
1179 2167 1368 2204 comitatu
1399 2166 1630 2210 destitutae3
1664 2179 1758 2216 quas
1789 2167 1826 2203 in
1861 2180 1984 2205 unum
2014 2181 2152 2207 omnes

591 2234 851 2282 eumdemque
877 2231 1007 2268 locum
1038 2232 1200 2276 contuli,
1231 2240 1272 2269 ut
1301 2231 1541 2269 Graecorum
1564 2231 1902 2283 Gazophylacium
1923 2234 2148 2272 conflarem.

593 2298 639 2335 In
689 2297 841 2333 duobus
883 2302 1015 2331 autem
1058 2294 1273 2333 Methodus
1310 2296 1435 2345 posita
1477 2302 1547 2339 est,
1596 2306 1629 2332 1.
1656 2296 1696 2332 in
1734 2295 1870 2333 formis
1916 2297 2149 2343 dictionum,

593 2372 628 2400 2.
666 2361 703 2397 in
735 2359 975 2402 Canonibus‚
1007 2359 1147 2408 quibus
1173 2359 1391 2396 dictionum
1425 2358 1557 2395 anima
1586 2358 1824 2402 continetur,
1859 2372 1956 2409 quos
1983 2361 2048 2410 qui
2079 2362 2151 2398 rite

592 2424 818 2477 perceperit,
850 2432 1054 2460 momento
1086 2423 1292 2461 innumera
1315 2422 1503 2459 vocabula
1532 2422 1665 2466 discet,
1694 2421 1812 2458 etiam
1836 2435 1915 2459 non
1936 2431 2148 2473 conspecto

592 2490 747 2531 Lexico,
797 2493 833 2524 et
879 2487 960 2523 sinc
1005 2486 1132 2524 taedio
1168 2499 1304 2523 eorum
1343 2485 1573 2522 memoriam
1612 2486 1868 2523 conservabit.
1939 2485 2039 2523 Sane
2071 2489 2147 2525 hoc
