2420 3183
703 281 1185 313 GAZOPHYLACIUM
1228 278 1583 314 GRAEconUM.
1897 276 1926 319 3

419 393 593 430 Caetera
616 403 785 430 neeesse
811 405 893 431 non
917 398 996 437 est,
1031 399 1076 430 ut
1109 393 1223 431 radix
1249 395 1496 432 terminetur
1525 395 1568 432 in
1601 412 1645 440 ος,
1676 408 1923 447 quocunque

357 460 438 499 alio
473 461 595 498 modo
635 462 823 500 desinere
863 469 1010 513 potest,
1051 469 1092 500 et
1129 470 1268 501 tamen
1309 463 1461 502 formas
1503 465 1596 503 inde
1637 466 1828 513 deduces,
1866 475 1923 513 ut,

357 529 480 570 πέπτω
520 546 653 585 coquo,
696 532 880 585 πεπασμὸς
923 533 1159 578 maturati0;
1212 531 1380 579 πέπανσις
1430 536 1539 574 idem
1596 550 1666 588 per
1708 538 1923 592 enallagen

358 602 527 648 formae,
550 602 682 648 πεπτός
703 610 841 650 coctus,
870 603 1049 650 πεπτικές,
1070 606 1249 650 coctivus,
1278 607 1467 659 coquendi
1489 608 1565 646 vim
1588 608 1745 654 liabens,
1780 607 1926 648 πεπτέον

357 674 612 726 coquendum,
638 676 713 715 &c.

444 745 515 783 IV.
575 747 665 785 Jam
690 747 731 784 in
761 747 1013 786 derivatione
1049 748 1127 786 ista
1166 749 1456 790 vocabulorum
1486 753 1538 791 ab
1574 766 1653 790 una
1685 753 1819 790 radice
1852 754 1922 791 de-

359 817 645 856 scendentium
689 817 821 857 sedulo
866 818 1086 871 distingues
1122 833 1251 858 omnes
1294 821 1492 867 dictiones,
1539 836 1636 875 quae
1680 823 1864 861 recedunt
1903 835 1926 859 a

358 887 646 941 significatione
674 889 819 928 radicis
850 890 903 928 ob
926 889 1090 941 aliquod
1123 893 1326 943 adjacens,
1361 906 1431 931 seu
1467 894 1520 931 ob
1547 894 1725 945 aliquam
1750 894 1928 931 circum-

360 960 583 997 stantiam:
628 960 686 998 sic
721 961 772 998 ab
808 958 920 1017 α’γοροῖ
937 959 1090 1013 forum,
1124 969 1165 1000 et
1199 961 1300 1020 gffeffl‘
1332 962 1559 1009 diluculum,
1595 964 1640 1002 fit
1681 963 1930 1019 0’42930292031'm05

351 1027 567 1081 porcellzc53
604 1036 645 1068 et
666 1031 718 1068 ab
746 1028 881 1086 ἄριστος
904 1031 1084 1083 optimus,
1115 1040 1156 1070 et
1178 1031 1266 1077 ὠδὶς,
1290 1040 1361 1076 ῖνος,
1386 1033 1415 1078 ἦ,
1447 1033 1559 1072 dolor
1574 1034 1852 1086 parturientis,
1885 1033 1930 1071 fit

360 1099 565 1157 α’ριστώὲινες
586 1101 776 1140 Athenae.
834 1102 1079 1140 Tractatum
1099 1103 1149 1140 de
1173 1101 1236 1140 his
1258 1103 1505 1142 dictionibus
1525 1117 1548 1142 a
1567 1105 1700 1142 radice
1723 1104 1928 1141 diversum

360 1172 458 1222 quid
485 1172 817 1225 significantibus
844 1172 987 1222 scripsi
1015 1171 1128 1216 mihi,
1163 1180 1203 1211 et
1235 1173 1276 1211 in
1303 1186 1445 1212 museo
1468 1188 1647 1219 asservo,
1682 1187 1804 1225 quem
1835 1187 1929 1212 cum

361 1244 531 1281 curiosis
556 1245 884 1283 communicabo.
949 1245 1027 1283 Hic
1057 1245 1111 1282 sit
1146 1257 1278 1283 canon
1311 1245 1430 1284 talis:
1481 1246 1527 1284 In
1563 1245 1801 1290 dictionibus,
1833 1260 1930 1298 quae

363 1315 544 1353 recedunt
573 1330 597 1354 a
627 1316 911 1367 significatione
935 1315 1090 1360 radicis,
1124 1316 1381 1369 excogitanda
1404 1323 1461 1356 est
1483 1317 1616 1370 aliqua
1647 1318 1932 1356 circumstantia

361 1383 602 1427 conveniens,
633 1383 677 1420 ob
717 1397 833 1433 quam
873 1384 952 1421 tale
988 1385 1210 1423 derivatum
1247 1393 1441 1437 congruat
1471 1400 1555 1425 cum
1578 1400 1647 1425 sua
1675 1387 1818 1425 radice.
1886 1388 1931 1424 In

363 1452 666 1504 quojuvaberis
697 1464 721 1488 a
745 1451 1067 1503 Lexicographis
1101 1461 1141 1490 et
1164 1467 1186 1491 a
1212 1454 1451 1492 Scholiastis
1477 1457 1651 1494 Graeeis.
1717 1457 1931 1506 Ejusmodi

358 1523 551 1574 adjacens
576 1534 648 1559 seu
673 1520 986 1558 circumstantia
1009 1521 1086 1559 erit
1118 1522 1230 1567 unio,
1262 1535 1333 1561 seu
1366 1525 1582 1570 connexio,
1616 1538 1688 1563 seu
1721 1527 1931 1567 vinculum

363 1594 532 1633 derivati
558 1605 652 1631 cum
676 1591 827 1636 radice,
858 1590 959 1629 alias
985 1604 1067 1630 non
1090 1600 1200 1631 esset
1224 1593 1308 1631 ulla
1332 1593 1608 1634 cohaerentia.

425 1681 680 1724 Significationis
700 1680 857 1711 rationem
879 1684 923 1709 τοῦ
938 1682 1118 1720 ὄςθςαγοςίσκος
1184 1691 1248 1711 non
1267 1680 1424 1722 Hesychii
1442 1682 1629 1724 interpretes
1645 1683 1683 1713 ad
1702 1694 1731 1714 v.
1745 1687 1935 1724 Bogoxyogima

362 1735 458 1767 docet
476 1734 635 1776 Didymus
651 1733 737 1776 apud
754 1732 968 1769 Athenaeum,
990 1732 1043 1763 lib.
1060 1732 1116 1763 IV.
1183 1740 1216 1763 et
1229 1736 1409 1774 Ὀςθαγᾱςικος.

360 1798 392 1829 p.
408 1791 476 1818 140.
494 1786 532 1817 B.
570 1784 666 1816 Conf.
682 1784 819 1815 casaub.
832 1784 940 1815 Anim.
957 1795 986 1815 c.
998 1787 1027 1815 8.
1045 1795 1119 1816 nec-

445 1883 496 1920 V.
551 1882 802 1921 Adnotanda
833 1894 998 1933 quoque
1031 1889 1128 1920 sunt
1152 1881 1233 1927 illa,
1268 1895 1371 1934 quae
1395 1882 1446 1920 ob
1475 1883 1815 1933 compositionem
1841 1896 1935 1922 cum

363 1954 498 2005 aIIqua
535 1953 734 2004 particula
769 1966 886 1992 suam
924 1954 1149 1993 immutant
1183 1954 1551 2009 significationem,
1584 1962 1629 1993 ut
1668 1953 1776 1994 α’κούω
1806 1956 1934 2001 audio,

363 2023 542 2083 vagando
565 2025 817 2079 negligenter
838 2025 970 2064 audio.

447 2097 518 2136 VI.
574 2098 662 2136 Nec
688 2099 916 2137 omittenda
950 2097 1032 2142 illa,
1066 2111 1172 2149 quae
1200 2107 1298 2138 sunt
1329 2099 1613 2150 dicomposita,
1649 2098 1724 2136 hoc
1758 2106 1822 2136 est
1856 2099 1934 2136 du-

365 2168 524 2219 pliciter
540 2170 780 2220 composita,
814 2184 1000 2222 quaeque
1023 2171 1183 2209 addunt
1206 2170 1357 2222 aliquid
1384 2171 1601 2224 primariae
1620 2168 1930 2222 significationi,

365 2246 409 2275 ut
429 2237 515 2284 θήκη
534 2240 656 2284 theca,
686 2239 960 2295 παρακαταθήκη
982 2240 1214 2291 depositum,
1245 2239 1468 2283 καταστασις
1484 2240 1717 2284 constitutio,
1742 2239 1933 2279 α’ποκατιέ-

364 2322 487 2350 στασις
509 2307 549 2344 in
573 2307 771 2359 integrum
796 2308 1005 2346 restitutio.

449 2377 538 2414 VII.
598 2377 643 2414 Id
668 2377 792 2415 etiam
813 2377 1131 2422 observandum,
1165 2378 1358 2416 nimirum
1383 2380 1551 2417 eandem
1577 2380 1798 2418 dictionem
1822 2380 1933 2418 varia

367 2447 602 2501 significare
630 2449 682 2486 ob
706 2449 838 2488 varias
862 2450 1081 2494 materias;
1115 2449 1179 2487 vel
1203 2451 1431 2488 secundum
1456 2452 1637 2489 diversas
1662 2452 1899 2502 disciplinas
1919 2468 1927 2489 ε

366 2518 425 2557 sic
448 2518 487 2555 in
513 2518 710 2556 venaticis
734 2516 876 2574 θηραθεὶς
898 2525 1043 2570 captus,
1069 2520 1109 2557 in
1140 2527 1227 2558 arte
1249 2521 1424 2558 oratoria
1446 2518 1588 2577 θηραθεὶς
1606 2529 1829 2574 persuasus,
1857 2524 1929 2561 Sec.

450 2588 568 2627 V111.
627 2587 807 2628 Plurima
822 2601 905 2627 non
925 2597 1232 2630 connectuntur
1249 2604 1342 2629 cum
1362 2592 1510 2638 radice,
1527 2593 1604 2631 nisi
1624 2595 1706 2631 κατ’
1722 2593 1931 2649 α’ντίφραο-ιν,
