2353 3163
1900 230 1928 270 01

704 254 728 281 G
745 249 1186 281 AZOPHYLACIUM
1230 245 1584 277 GRAECORUM.

747 585 1035 623 METHODI
1084 584 1235 622 PARS
1282 582 1541 629 ALTERA,

435 693 559 728 QUAE
592 693 823 724 SPECIALIS
859 694 948 732 EST,
983 693 1203 729 QUAEQL'E
1236 693 1385 724 FIRMA
1419 690 1608 723 DEFIGIT
1641 689 1863 722 VESTIGIA.

533 882 648 920 Hanc
679 878 855 918 Metlzodi
881 883 1038 929 partem
1069 877 1109 915 in
1134 876 1330 928 plurimas
1357 875 1552 914 Sectiones
1581 873 1764 918 dividam,

841 961 1014 1000 vitandae
1042 960 1273 1011 caigfasionis
1302 959 1451 1013 gratia.

1035 1162 1186 1211 SECT.
1222 1162 1261 1210 I.

794 1276 842 1307 IN
877 1275 972 1311 QUA
1008 1275 1088 1307 EST
1121 1275 1248 1307 BASIS
1282 1274 1514 1306 METHODI.

454 1419 485 1456 Ι.
542 1418 880 1456 Fundamentum
918 1418 1106 1458 Methodi
1148 1428 1225 1465 est,
1269 1428 1314 1458 ut
1353 1421 1589 1474 assignetur
1627 1420 1756 1466 radix,
1798 1433 1822 1459 a
1854 1433 1934 1472 qua

369 1488 622 1527 descendant
654 1488 788 1526 variae
823 1489 1051 1526 dictionum
1088 1490 1256 1528 formae.
1315 1491 1493 1541 Ideoque
1526 1492 1568 1528 in
1601 1498 1715 1542 parte
1739 1491 1934 1531 Generali

370 1560 501 1609 primo
534 1558 624 1597 loco
660 1560 699 1597 id
730 1559 954 1598 observavi.
1023 1561 1079 1599 Ut
1111 1558 1208 1608 οἶκος,
1241 1560 1346 1609 οἰκία,
1379 1560 1485 1609 einim,
1515 1559 1653 1616 οἴκημα,
1677 1565 1755 1602 διε.
1804 1566 1863 1603 sic
1895 1573 1937 1605 et

370 1629 478 1677 φίλος,
511 1625 622 1676 φιλία,
653 1626 766 1676 φιλέω,
798 1629 946 1683 φίλημα,
974 1632 1048 1669 &C-

449 1775 504 1813 11.
562 1775 642 1813 Hic
681 1783 885 1827 quaerunt
924 1789 1082 1822 omnes,
1128 1777 1184 1815 At
1220 1778 1428 1829 quomodo
1469 1779 1650 1818 radicem
1690 1780 1937 1835 dignoscere

372 1854 512 1896 potero
529 1847 543 1882 ?

455 1919 744 1969 Respondebo,
781 1919 873 1957 Vox
897 1932 944 1957 ea
966 1926 1029 1958 est
1051 1920 1179 1966 radix,
1203 1933 1306 1971 quae
1336 1919 1642 1972 simplicissima
1665 1930 1742 1968 est,
1771 1931 1813 1961 et
1836 1936 1940 1974 quae

374 1991 512 2028 minus
548 1989 758 2028 literarum
794 1988 941 2029 habet:
995 2004 1116 2030 voces
1148 1999 1286 2030 autem
1309 2005 1332 2030 a
1356 1993 1492 2033 rad1'ce
1516 1994 1814 2033 descendentes
1839 2008 1940 2033 one-

374 2069 517 2101 rantur
538 2061 667 2100 literis
698 2063 947 2108 adventitiis,
984 2070 1028 2102 ut
1060 2070 1173 2114 patet
1204 2063 1338 2102 allatis
1371 2064 1571 2116 exemplis
1606 2065 1657 2103 ab
1681 2061 1778 2109 οἶκος,
1803 2060 1939 2116 οἴκημα,

377 2138 450 2174 δίο.
497 2143 537 2174 et
561 2149 583 2174 a
607 2135 714 2181 φίλος,
739 2135 887 2189 φίλημα,
913 2138 988 2175 &C.

455 2285 532 2322 111.
588 2286 816 2338 Assignata
856 2287 1004 2330 radice,
1043 2299 1095 2323 en
1135 2287 1234 2336 quid
1273 2287 1482 2339 agendum
1521 2287 1587 2324 sit.
1646 2286 1849 2325 Mutanda
1884 2292 1941 2324 est

379 2353 603 2393 terminatio
637 2354 778 2393 radicis
801 2354 841 2393 in
874 2354 1017 2394 multas
1048 2354 1145 2394 alias
1172 2356 1478 2402 terminationes,
1503 2362 1541 2395 et
1564 2357 1740 2410 qualibet
1762 2372 1781 2396 e
1805 2358 1942 2397 termi-

380 2426 534 2464 natione
558 2425 735 2479 exsurgit
757 2439 855 2464 nova
874 2425 1015 2478 forma
1043 2426 1230 2465 dictionis.
1289 2428 1346 2466 Ut
1370 2424 1466 2474 οἶκος,
1491 2435 1604 2466 muta
1629 2447 1661 2472 ος
1682 2429 1724 2467 in
1748 2426 1798 2473 la,
1823 2424 1939 2464 οἰκίαι

380 2510 523 2535 rursus
562 2505 674 2536 muta
710 2497 747 2536 ἴα
781 2499 822 2536 in
863 2496 914 2543 ἔω,
949 2496 1073 2544 οἷκέω;
1127 2500 1274 2538 deinde
1306 2496 1345 2537 ἔω
1379 2501 1421 2538 in
1458 2518 1542 2551 ημα,
1576 2495 1714 2554 οἴκημα.
1782 2499 1944 2549 Corpus

381 2575 521 2607 autem
546 2569 736 2607 dictionis
761 2576 960 2614 remanet,
995 2577 1180 2608 mutatur
1204 2569 1337 2608 solum
1362 2570 1611 2609 terminatio.
