2420 3183
546 268 577 314 4
1035 281 1298 313 PHILIPPI
1340 281 1599 313 CATTIERI

545 389 620 429 hoc
650 398 713 429 est
742 397 819 443 per
855 390 1205 436 contradictionem,
1246 391 1303 429 sic
1337 388 1503 448 συμφέξω,
1539 389 1706 444 confero,
1733 399 1909 445 prosum,
1945 391 2102 448 συμφοραὶ

543 461 756 500 calamitas.

604 537 698 568 Nulla
711 537 762 567 hic
776 543 823 567 est
835 536 1034 579 antiphrasis.
1061 543 1285 577 Συμφέςω,(“οη-
1351 537 1503 575 conducit,
1528 538 1614 568 idem
1643 539 1730 579 quod
1756 539 1890 580 prodest,
1922 546 1954 570 et
1984 541 2101 579 συμφορὰ

529 590 629 631 ferre,
650 601 829 632 scongerere,
856 590 932 620 hinc
962 593 1087 629 ι-υμφος-ὰ,
1119 595 1283 632 congestus,
1350 590 1592 632 significationis
1602 591 1727 622 mediae
1740 598 1805 622 tarn
1815 603 1994 634 prosperam
2010 598 2102 622 notat

540 642 727 672 (adversatio
745 642 776 672 in
794 653 897 679 unum,
918 653 982 683 quo
999 653 1088 673 sensu
1106 642 1286 672 adhibitum
1353 654 1447 684 quam
1465 643 1620 674 adversam
1627 644 1809 685 fortunam.
1846 645 1921 675 Vid.
1936 645 2045 675 Anim.
2062 644 2103 674 ad

538 693 669 724 Graecis
699 693 793 723 docet
834 693 946 723 Suidas
984 700 1016 723 et
1045 692 1151 723 Diluc.
1180 692 1283 724 Thuc.
1349 694 1465 725 Aesch.
1484 695 1537 724 lib.
1556 694 1600 725 II.
1624 696 1741 736 p.316.

539 748 658 785 p.5SQ.
690 744 801 775 .Hunc
830 749 957 784 συμφέξει,
989 750 1024 774 Ut
1056 743 1125 773 Lat.
1155 743 1283 785 COIffert,

619 832 693 870 IX.
749 831 842 869 Huc
880 844 1040 883 quoque
1063 832 1203 870 referri
1236 845 1307 882 par
1337 839 1401 870 est
1433 845 1492 877 ea,
1526 845 1631 883 quae
1662 833 1784 871 variis
1819 832 1991 872 saeculis
2016 833 2096 872 im-

536 909 692 941 mutata
736 910 847 947 sunt,
901 916 981 953 quo
1025 903 1067 940 in
1111 916 1264 957 genere
1304 912 1400 942 sunt
1444 904 1692 950 Archaismi,
1744 906 2007 949 Neoterismi‚
2053 912 2095 943 et

536 972 798 1010 Graecismus
835 973 1100 1024 ByzantinuS.
1159 974 1224 1012 Ad
1258 980 1444 1012 veterum
1482 975 1735 1013 Graecorum
1776 974 1960 1028 linguam
1999 982 2096 1012 sunt

534 1040 663 1091 prisca
686 1043 848 1080 Lexica.
916 1043 1154 1092 Expectetis
1190 1045 1239 1082 ad
1264 1045 1574 1084 Neoterismum
1605 1045 1763 1083 celebre
1792 1044 1890 1083 illud
1916 1045 2095 1082 Lexicon

535 1113 822 1164 Byzanfflrum,
846 1115 896 1152 de
916 1127 996 1165 quo
1019 1115 1060 1152 in
1084 1115 1338 1165 Protreptico
1357 1116 1418 1154 vir
1432 1116 1696 1154 doctissimus
1721 1114 1933 1167 Philippus
1954 1113 2094 1154 Labbe

533 1196 581 1222 ex
605 1183 898 1237 Typographia
923 1185 1065 1237 Regia.

592 1272 667 1302 Non
695 1273 814 1314 prodiit
845 1272 927 1302 istud
958 1272 1077 1302 Labbei
1103 1283 1193 1313 opus,
1216 1282 1276 1302 nec
1343 1279 1374 1302 et
1396 1271 1545 1302 Infirmae
1571 1272 1775 1309 Graecitatis,
1798 1283 1863 1312 quo
1890 1270 1970 1301 nihil
1998 1281 2036 1300 eo
2063 1270 2095 1300 in

526 1330 559 1353 ut
593 1323 658 1363 ejus
701 1323 857 1352 desiderio
891 1332 1076 1352 moveamur
1108 1321 1185 1351 facit
1217 1321 1271 1352 Du
1336 1333 1453 1363 genere
1469 1322 1730 1353 consummatius.

527 1376 641 1417 Cangii
666 1374 861 1405 Glossarium
884 1375 923 1405 ad
946 1374 1123 1415 Scriptores
1142 1374 1275 1404 Mediae

606 1468 662 1505 X.
715 1468 812 1503 Non
837 1465 1135 1515 praetermittes
1159 1463 1372 1508 vocabula,
1394 1477 1497 1514 quae
1521 1465 1563 1501 in
1598 1463 1733 1513 phrasi
1765 1465 1945 1513 perdunt
1969 1477 2087 1504 suam

527 1535 884 1591 significationem,
915 1541 1038 1585 atque
1072 1546 1219 1571 novam
1243 1534 1463 1584 acquirunt
1496 1533 1536 1571 vi
1558 1533 1763 1586 ph7·a5eca.5‚
1795 1540 1840 1571 ut
1864 1533 1894 1571 οἱ
1915 1531 2005 1586 οἷμφὶ
2037 1533 2089 1572 τόν

526 1604 697 1662 Σωκράτην
722 1606 897 1643 Socrates
919 1604 1013 1656 ipse.

590 1690 696 1720 Habet
736 1689 793 1719 iste
830 1688 1033 1718 Graecis-mus
1070 1699 1134 1718 non
1172 1688 1269 1718 modo
1336 1686 1425 1728 cujus
1451 1698 1521 1729 cap.
1535 1691 1586 1721 37.
1624 1687 1786 1719 Articulus
1811 1686 1943 1725 excidit,
1971 1693 2002 1718 et
2025 1686 2086 1730 leg.

524 1740 628 1773 locum
644 1742 674 1771 in
692 1741 873 1771 nominibus
891 1740 1035 1781 propriis,
1053 1750 1160 1769 verum
1175 1739 1270 1769 etiam
1337 1741 1378 1768 καὶ
1416 1740 1470 1775 ἦγον
1499 1742 1571 1769 αὐτὸν
1601 1743 1621 1769 οἱ
1654 1741 1720 1777 ἀμφὶ
1757 1739 1797 1770 τὴν
1826 1742 1988 1774 γυναικωνῖτιν
2019 1748 2087 1768 eum

523 1794 730 1836 adpellativis,
759 1800 792 1822 ut
819 1797 839 1822 οἱ
870 1795 921 1832 mg)
952 1796 979 1821 τὸ
1009 1795 1063 1831 tegi*
1092 1790 1268 1827 sacerdotes,
1335 1802 1406 1832 ergo
1433 1802 1585 1833 gynaeceo
1606 1790 1760 1833 praefecti
1780 1789 1943 1820 ducebant.
1989 1788 2087 1820 Conf.

522 1846 649 1883 aeditui,
677 1847 708 1876 in
742 1846 835 1875 Paus,
864 1844 962 1875 Eliac.
997 1856 1026 1886 p.
1041 1848 1114 1875 404.
1151 1844 1269 1875 Arcad.
1336 1844 1417 1875 infra
1441 1846 1522 1886 ξΙΟ.
1546 1845 1584 1875 ad
1602 1844 1872 1886 praepositionem
1888 1846 1951 1883 πεςί.

522 1910 552 1939 p.
570 1898 642 1931 676.
682 1896 828 1928 philostr.
848 1895 912 1926 Vit.
930 1895 1024 1937 Apol.
1039 1895 1178 1937 Tyanj.
1200 1900 1268 1926 c.8.

604 1991 680 2028 XI.
739 1989 966 2029 Particulae
990 2003 1152 2041 quoque
1171 1990 1368 2028 orationis
1390 1990 1431 2028 in
1450 1988 1526 2028 hoc
1544 1989 1683 2028 album
1710 1997 1809 2028 sunt
1832 1991 2081 2037 referendae,

518 2074 622 2112 quae
648 2068 776 2099 totam
811 2060 976 2113 linguae
1000 2059 1283 2099 difficultatem
1312 2060 1656 2111 complectuntur.
1723 2063 1787 2101 De
1811 2064 1961 2113 quibus
1988 2078 2081 2114 per-

518 2131 633 2169 multi
672 2130 846 2181 plurima
886 2133 1098 2182 scripsere.
1158 2131 1246 2170 Vid.
1285 2132 1521 2170 Idiotismos
1566 2132 1754 2185 Linguae
1793 2133 1976 2172 Graecae
2013 2135 2080 2172 in-

519 2204 662 2241 dustrii
700 2204 745 2241 F.
772 2203 926 2256 Vigeri.

673 2290 757 2321 Iluic
770 2291 922 2331 jungatur
940 2290 1060 2320 Manli.
1079 2288 1207 2320 Derarii
1224 2289 1346 2319 libellus
1363 2290 1402 2319 de
1421 2290 1588 2320 Particulis
1606 2290 1749 2320 Graecae
1771 2290 1922 2331 Linguae.

600 2383 700 2420 XII.
758 2383 814 2420 Ut
859 2381 955 2419 nihil
1000 2383 1250 2419 intentatum
1302 2380 1542 2431 relinquam,
1593 2381 1851 2419 observanda
1893 2390 1989 2419 sunt
2029 2396 2077 2420 ea

517 2451 668 2495 omnia,
691 2463 794 2500 quae
820 2463 889 2499 pro
913 2451 1022 2488 vario
1046 2457 1217 2488 accentu
1244 2451 1354 2488 varia
1377 2449 1629 2502 significant,
1655 2458 1700 2488 ut
1722 2447 1797 2495 βίος
1814 2450 1910 2495 vita,
1941 2458 1982 2488 et
2004 2451 2076 2496 βιές

518 2535 657 2560 nervus
696 2522 735 2559 in
774 2535 875 2561 arcu.
943 2525 1056 2567 Item,
1093 2535 1196 2573 quae
1233 2522 1285 2559 ob
1329 2522 1536 2560 diversum
1575 2523 1764 2573 spiritum
1807 2522 1967 2560 diversa
2011 2524 2075 2561 in-

518 2595 667 2638 dicant,
704 2601 747 2631 ut
769 2591 834 2644 ᾅδω
865 2606 969 2638 cano,
1004 2601 1044 2632 et
1079 2590 1146 2632 ἅδω
1162 2591 1310 2645 placeo,
1372 2594 1435 2632 De
1454 2594 1602 2645 quibus
1633 2594 1684 2632 ad
1705 2591 1857 2631 calcem
1884 2593 2037 2632 Lexici.
